<?xml version="1.0" encoding="UTF-8"?><collection xmlns="http://www.loc.gov/MARC21/slim"><record><leader>00649nam--2200181-i-4500</leader><controlfield tag="001">000007384</controlfield><controlfield tag="002">20161230</controlfield><controlfield tag="005">20161230201027</controlfield><controlfield tag="008">060222s1000------------r-----000-0-eng-d</controlfield><datafield ind1=" " ind2=" " tag="040"><subfield code="a">IFIN-HH</subfield></datafield><datafield ind1=" " ind2=" " tag="080"><subfield code="a">543.5</subfield></datafield><datafield ind1="1" ind2=" " tag="100"><subfield code="a">Davis, E.A</subfield></datafield><datafield ind1="1" ind2="0" tag="245"><subfield code="a">Developments in applied spectroscopy</subfield><subfield code="b">Volume 4. proceedings of the fifteenth annual mid-america spectroscopy symposium held in chicago, illinois, june 2 - 5, 1964</subfield><subfield code="c">E.A. DAVIS (Ed.)</subfield></datafield><datafield ind1=" " ind2=" " tag="260"><subfield code="a">New York</subfield><subfield code="b">Plenum Press</subfield><subfield code="c">1965</subfield></datafield><datafield ind1=" " ind2=" " tag="300"><subfield code="a">XI+546P</subfield></datafield><datafield ind1=" " ind2=" " tag="490"><subfield code="a">A Publication Of The Chicago Section Of The Society For Applied Spectroscopy</subfield></datafield><datafield ind1=" " ind2=" " tag="852"><subfield code="a">18304</subfield><subfield code="c">535.33</subfield></datafield><datafield ind1=" " ind2=" " tag="CAT"><subfield code="a">Sys</subfield><subfield code="c">20101202</subfield><subfield code="h">115124</subfield></datafield></record></collection>